@misc{YelpData59:online,
author = {Yelp},
title = {Yelp Dataset | Kaggle},
howpublished = {\url{https://www.kaggle.com/yelp-dataset/yelp-dataset}},
month = {Aug},
year = {2017},
note = {(Accessed on 07/15/2018)}
}
@article{mackay_vandevijvere_xie_lee_swinburn_2017,
title={Paying for convenience: comparing the cost of takeaway meals with their healthier home-cooked counterparts in New Zealand},
volume={20}, DOI={10.1017/S1368980017000805},
number={13}, journal={Public Health Nutrition},
publisher={Cambridge University Press},
author={Mackay, Sally and Vandevijvere, Stefanie and Xie, Pei and Lee, Amanda and Swinburn, Boyd},
year={2017},
pages={2269–2276}}
@misc{Restaura71:online,
author = {Yelp},
title = {Restaurants, Dentists, Bars, Beauty Salons, Doctors - Yelp},
howpublished = {\url{https://www.yelp.com/}},
month = {},
year = {},
note = {(Accessed on 07/15/2018)}
}
@article{luca2016reviews,
  title={Reviews, reputation, and revenue: The case of Yelp. com},
  author={Luca, Michael},
  year={2016}
}
@article{sun2017spatial,
  title={Spatial analysis of users-generated ratings of yelp venues},
  author={Sun, Yeran and Paule, Jorge David Gonzalez},
  journal={Open Geospatial Data, Software and Standards},
  volume={2},
  number={1},
  pages={5},
  year={2017},
  publisher={Springer}
}
@misc{Optimiza90:online,
author = {SciPy},
title = {Optimization (scipy.optimize) — SciPy v1.1.0 Reference Guide},
howpublished = {\url{https://docs.scipy.org/doc/scipy/reference/tutorial/optimize.html}},
month = {},
year = {},
note = {(Accessed on 07/15/2018)}
}